@Article{Cook:2001,
  author = 	 {D.~L. Cook and J.~F. Farley and S.~J. Tapscott},
  title = 	 {A basis for a visual language for describing, archiving and analyzing functional models of complex biological systems},
  journal =  {Genome Biology},
  year = 	 {2001},
  volume =	 {2},
  number =	 {4},
  pages =	 {R0012.1--R0012.10}
}

@Article{Demir:2002,
  author = 	 {Demir, E. and Babur, O. and Dogrusoz., U and Gursoy, A. and Nisanci, G. and Cetin-Atalay, R. and Ozturk, M.},
  title = 	 {PATIKA: an integrated visual environment for collaborative construction and analysis of cellular pathways},
  journal =  {Bioinformatics},
  year = 	 {2002},
  volume =	 {18},
  number =	 {7},
  pages =	 {996--1003}
}

@Article{Demir:2004,
  author = 	 {Demir, E. and Babur, O. and Dogrusoz, U. and Gursoy, A. and Ayaz, A. and Gulesir, G. and Nisanci, G. and Cetin-Atalay, R.},
  title = 	 {An ontology for collaborative construction and analysis of cellular pathways},
  journal =  {Bioinformatics},
  year = 	 {2004},
  volume =	 {20},
  number =	 {3},
  pages =	 {349--356}
}

@Book{DiBattista:1998,
  author =    {{D}i {B}attista, Giuseppe and Eades, Peter and Tamassia, Roberto and Tollis, Ioannis~G.},
  title =     {Graph Drawing: Algorithms for the Visualization of Graphs},
  year =      {1998},
  publisher = {Prentice Hall},
  address =   {New Jersey},
}

@Book{Kaufmann:2001,
  author =    {Kaufmann, Michael and Wagner, Dorothea},
  title =     {Drawing Graphs: Methods and Models},
  year =      {2001},
  volume =    {2025},
  series =    {Lecture Notes in Computer Science},
  publisher = {Springer},
}

@article{Hucka:2003,
     AUTHOR = {Hucka, M. and Finney, A. and Sauro, H.~M. and Bolouri, H. and Doyle, J.~C. and Kitano, H. and Arkin, A.~P.
               and Bornstein, B.~J. and Bray, D. and Cornish-Bowden, A. and Cuellar, A.~A. and Dronov, S. and Gilles, E.~D.
               and Ginkel, M. and Gor, V. and Goryanin, I.~I. and Hedley, W.~J. and Hodgman, T.~C. and Hofmeyr, J.-H.
               and Hunter, P.~J. and Juty, N.~S. and Kasberger, J.~L. and Kremling, A. and Kummer, U. and Le Nov\`{e}re, N.
               and Loew, L.~M.  and Lucio, D. and Mendes, P. and Minch, E. and Mjolsness, E.~D.  and Nakayama, Y. and Nelson, M.~R.
               and Nielsen, P.~F. and Sakurada, T. and Schaff, J.~C. and Shapiro, B.~E. and Shimizu, T.~S.  and Spence, H.~D.
               and Stelling, J. and Takahashi, K. and Tomita, M. and Wagner, J. and Wang, J.},
      TITLE = {The {S}ystems {B}iology {M}arkup {L}anguage ({SBML}): A Medium for Representation and Exchange of Biochemical Network Models},
    JOURNAL = {Bioinformatics},
     VOLUME = {19},
     NUMBER = {4},
      PAGES = {524--531},
       YEAR = 2003
}

@Article{Kitano:2003,
  author = 	 {H. Kitano},
  title = 	 {A graphical notation for biochemical networks},
  journal =  {BioSilico},
  year = 	 {2003},
  volume =	 {1},
  pages =	 {169--176}
}

@Article{Kitano:2005,
  author = 	 {H. Kitano and A. Funahashi and Y. Matsuoka and K. Oda},
  title = 	 {Using process diagrams for the graphical representation of biological networks},
  journal =  {Nature Biotechnology},
  year = 	 {2005},
  volume =	 {23},
  number =	 {8},
  pages =	 {961--966}
}

@Article{Kohn:1999,
  author = 	 {K.~W. Kohn},
  title = 	 {Molecular Interaction Map of the Mammalian Cell Cycle Control and {DNA} Repair Systems},
  journal =  {Molecular Biology of the Cell},
  year = 	 {1999},
  volume =	 {10},
  number =	 {8},
  pages =	 {2703--2734}
}

@Article{Kohn:2006,
  author = 	 {K.~W. Kohn and M.~I. Aladjem and J.~N. Weinstein and Y. Pommier},
  title = 	 {Molecular interaction maps of bioregulatory networks: A general rubric for systems biology},
  journal =  {Molecular Biology of the Cell},
  year = 	 {2006},
  volume =	 {17},
  number =   {1},
  pages =	 {1--13}
}

@TechReport{Lenov:2008,
  author =   {Le Nov\`{e}re, N. and Moodie, S. and Sorokin, A. and Hucka, M. and Schreiber, F. and Demir, E. and Mi, H. and Matsuoka, Y.
              and Wegner, K. and Kitano, H.},
  title =    {Systems Biology Graphical Notation: Process Diagram Level 1},
  institution = {},
  year =     {2008},
  type =     {Nature Precedings},
  doi =      {10101/npre.2008.2320.1}
}

@InProceedings{Maimon:2001,
  author = 	   {R. Maimon and S. Browning},
  title =      {Diagrammatic notation and computational structure of gene networks},
  booktitle =  {Proceedings of the 2nd International Conference on Systems Biology},
  year =	   {2001},
  editor =	   {H. Kitano},
  pages =      {311--317},
  address =	   {Madison, WI},
  publisher =  {Omnipress}
}

@Article{Michal:1998,
  author =    {G. Michal},
  title =     {On Representation of Metabolic Pathways},
  journal =   {BioSystems},
  year =      {1998},
  volume =    {47},
  pages =     {1--7},
}

@Article{Moodie:2006,
  author = 	 {S.~L. Moodie and A.~A. Sorokin and I. Goryanin and P. Ghazal},
  title = 	 {A Graphical Notation to Describe the Logical Interactions of Biological Pathways},
  journal =  {Journal of Integrative Bioinformatics},
  year = 	 {2006},
  volume =	 {3},
  pages =	 {36.1--36.11}
}

@Article{Pirson:2000,
  author = 	 {I. Pirson and N. Fortemaison and C. Jacobs and S. Dremier and J.~E. Dumont and C. Maenhaut},
  title = 	 {The visual display of regulatory information and networks},
  journal =  {Trends in Cell Biology},
  year = 	 {2000},
  volume =	 {10},
  number =	 {10},
  pages =	 {404--408}
}

@article{Chen:1976,
    author =  {P.~P.-S. Chen},
    title =   {The Entity-Relationship Model -- Toward a Unified View of Data},
    journal = {ACM Transactions on Database Systems},
    volume =  {1},
    number =  {1},
    pages =   {9--36},
    year =    {1976},
}
